@article{pantazopoulos1998financial,
  title={Financial prediction and trading strategies using neurofuzzy approaches},
  author={Pantazopoulos, Konstantinos N and Tsoukalas, Lefteri H and Bourbakis, Nikolaos G and Brun, Michael J and Houstis, Elias N},
  journal={IEEE Transactions on Systems, Man, and Cybernetics, Part B (Cybernetics)},
  volume={28},
  number={4},
  pages={520--531},
  year={1998},
  publisher={IEEE}
}

@article{lo2005reconciling,
  title={Reconciling efficient markets with behavioral finance: the adaptive markets hypothesis},
  author={Lo, Andrew W},
  journal={Journal of investment consulting},
  volume={7},
  number={2},
  pages={21--44},
  year={2005}
}

@article{corazza2015q,
  title={Q-Learning and SARSA: a comparison between two intelligent stochastic control approaches for financial trading},
  author={Corazza, Marco and Sangalli, Andrea},
  journal={University Ca'Foscari of Venice, Dept. of Economics Research Paper Series No},
  volume={15},
  year={2015}
}

@article{chenoweth1996embedding,
  title={Embedding technical analysis into neural network based trading systems},
  author={Chenoweth, Tim and Obradovic, Zoran and Lee, Sauchi Stephen},
  journal={Applied Artificial Intelligence},
  volume={10},
  number={6},
  pages={523--542},
  year={1996},
  publisher={Taylor \& Francis}
}

@incollection{bertoluzzo2014reinforcement,
  title={Reinforcement learning for automated financial trading: Basics and applications},
  author={Bertoluzzo, Francesco and Corazza, Marco},
  booktitle={Recent Advances of Neural Network Models and Applications},
  pages={197--213},
  year={2014},
  publisher={Springer}
}

@book{sutton2018reinforcement,
  title={Reinforcement learning: An introduction},
  author={Sutton, Richard S and Barto, Andrew G},
  year={2018},
  publisher={MIT press}
}

@article{moody1998performance,
  title={Performance functions and reinforcement learning for trading systems and portfolios},
  author={Moody, John and Wu, Lizhong and Liao, Yuansong and Saffell, Matthew},
  journal={Journal of Forecasting},
  volume={17},
  number={5-6},
  pages={441--470},
  year={1998},
  publisher={Wiley Online Library}
}


